<?xml version="1.0" encoding="UTF-8"?><record xmlns="http://www.loc.gov/MARC21/slim" xmlns:cinclude="http://apache.org/cocoon/include/1.0" xmlns:zs="http://www.loc.gov/zing/srw/">
  <leader>00569nz  a2200157n  4500</leader>
  <controlfield tag="001">no2010069630</controlfield>
  <controlfield tag="003">DLC</controlfield>
  <controlfield tag="005">20100429075438.0</controlfield>
  <controlfield tag="008">100427n| acannaabn          |b ana     c</controlfield>
  <datafield tag="010" ind1=" " ind2=" ">
    <subfield code="a">no2010069630</subfield>
  </datafield>
  <datafield tag="035" ind1=" " ind2=" ">
    <subfield code="a">(OCoLC)oca08475773</subfield>
  </datafield>
  <datafield tag="040" ind1=" " ind2=" ">
    <subfield code="a">UPB</subfield>
    <subfield code="b">eng</subfield>
    <subfield code="c">UPB</subfield>
  </datafield>
  <datafield tag="110" ind1="2" ind2=" ">
    <subfield code="a">Hong tai dian ying shi ye gu fen you xian gong si</subfield>
  </datafield>
  <datafield tag="410" ind1="2" ind2=" ">
    <subfield code="a">鴻泰電影事業股份有限公司</subfield>
  </datafield>
  <datafield tag="667" ind1=" " ind2=" ">
    <subfield code="a">Non-Latin script reference not evaluated.</subfield>
  </datafield>
  <datafield tag="670" ind1=" " ind2=" ">
    <subfield code="a">Xiang jiao tian tang, 200-?:</subfield>
    <subfield code="b">title frame (鴻泰電影事業股份有限公司 = Hong tai dian ying shi ye gu fen you xian gong si)</subfield>
  </datafield>
</record>